@misc{predict_and_recompute_PP20,
    title = {Predict-and-recompute conjugate gradient variants},
    author={Tyler Chen and Erin C. Carson},
    author+an = {1=highlight},
    month = {February},
    year = {2020},
    note = {Presentation at SIAM Parallel Processing},
    url = {https://chen.pw/research/talks/predict_and_recompute_PP20.pdf}
    pdf = {}
}
