@misc{predict_and_recompute_CM20,
    title = {Predict-and-recompute conjugate gradient variants},
    author = {Tyler Chen},
    author+an = {1=highlight},
    month = {March},
    year = {2020},
    note = {Presentation at Copper Mountain Student Paper Award Session},
    url = {https://chen.pw/research/talks/predict_and_recompute_CM20.pdf}
}
