@misc{predict_and_recompute_HH20,
    title = {Analyzing the Effects of Local Roundoff Error on Predict-and-Recompute Conjugate Gradient Variants},
    author = {Tyler Chen, Erin C. Carson, Anne Greenbaum},
    author+an = {1=highlight},
    month = {June},
    year = {2020},
    note = {Poster at XXI Householder. (Canceled)},
}
