@misc{symmetric_preconditioner_baidu,
    title = {Symmetric Preconditioner Refinement Using Low Rank Approximations},
    author = {Tyler Chen},
    year = {2019},
    note = {Presentation at Baidu Research},
    pdf = {}
}
