@book{greenbaum_97,
    author = {Anne Greenbaum},
    title = {Iterative Methods for Solving Linear Systems},
    year = {1997},
    isbn = {0-89871-396-X},
    publisher = {Society for Industrial and Applied Mathematics},
    address = {Philadelphia, PA, USA},
}

@book{parlett_80,
    author = {Beresford Parlett},
    title = {The Symmetric Eigenvalue Problem},
    year = {1980},
    isbn = {0-13-88047-2},
    publisher = {Prentice-Hall, Inc.},
    address = {Englewood Cliffs, NJ, USA},
}

@article{greenbaum_89,
    author = {Anne Greenbaum}
    title = {Behavior of slightly perturbed Lanczos and conjugate-gradient recurrences},
    journal = {Linear Algebra and its Applications},
    volume = {113},
    pages = {7 - 63},
    year = {1989},
    issn = {0024-3795},
    doi = {https://doi.org/10.1016/0024-3795(89)90285-1},
    url = {http://www.sciencedirect.com/science/article/pii/0024379589902851},
}
