@article{greenbaum_liu_chen_19,
    title = {On the Convergence Rate of Variants of the Conjugate Gradient Algorithm in Finite Precision Arithmetic},
    author = {Anne Greenbaum and Hexuan Liu and Tyler Chen},
    year = {2019},
    eprint = {1905.05874},
    archivePrefix = {arXiv},
    primaryClass = {cs.NA},
    note = {arXiv preprint: 1905.05874},
}
