@article{finite_precision_random_variables,
    title = {Rounding Random Variables to Finite Precision},
    author = {Tyler Chen},
    year = {2020},
    eprint = {2007.11041},
    archivePrefix = {arXiv},
    primaryClass = {math.ST},
    intro = {}
}
