@article{lanczos_error_bounds,
    title = {Error bounds for the Lanczos algorithm for function approximation},
    author = {Tyler Chen, Anne Greenbaum, Cameron Musco, Christopher Musco},
    year = {},
    intro = {}
}
