@article{lanczos_function_CIF,
    doi = {10.1137/21m1427784},
    url = {https://doi.org/10.1137/21m1427784},
    year = {2022},
    month = may,
    publisher = {Society for Industrial {\&} Applied Mathematics ({SIAM})},
    volume = {43},
    number = {2},
    pages = {787--811},
    author = {Tyler Chen and Anne Greenbaum and Cameron Musco and Christopher Musco},
    title = {Error Bounds for Lanczos-Based Matrix Function Approximation},
    journal = {SIAM Journal on Matrix Analysis and Applications},
    eprint        = {2106.09806},
    archivePrefix = {arXiv},
    primaryclass  = {math.NA},

}
