@article{lowmem_rational_opt,
    title={Optimal low-memory rational matrix function approximation},
    author={Tyler Chen and Anne Greenbaum and Cameron Musco and Christopher Musco},
    author+an = {1=highlight},
    year={2021},
    intro = {},
}
