@misc{matrix_free_quadrature,
    title={Randomized matrix-free quadrature for spectrum and spectral sum approximation},
    author={Tyler Chen and Thomas Trogdon and Shashanka Ubaru},
    author+an = {1=highlight},
    year={2022},
    eprint={2204.01941},
    archivePrefix={arXiv},
    primaryClass={math.NA}
}
