@misc{minibatch_HBM,
    title={On the fast convergence of minibatch heavy ball momentum},
    author={Raghu Bollapragada and Tyler Chen and Rachel Ward},
    year={2022},
    eprint={2206.07553},
    archivePrefix={arXiv},
    primaryClass={cs.LG}
}
