@article{predict_and_recompute,
    title={Predict-and-recompute conjugate gradient variants},
    author={Tyler Chen and Erin C. Carson},
    author+an = {1=highlight},
    doi = {10.1137/19m1276856},
    year = {2020},
    month = jan,
    publisher = {Society for Industrial {\&} Applied Mathematics ({SIAM})},
    volume = {42},
    number = {5},
    pages = {A3084--A3108},
    journal = {SIAM Journal on Scientific Computing}, 
    eprint={1905.01549},
    archivePrefix={arXiv},
    primaryClass={cs.NA},
    intro = {},
}

