@article{chen_19,
    title={Predict-and-recompute conjugate gradient variants},
    author={Tyler Chen},
    year={2019},
    eprint={1905.01549},
    archivePrefix={arXiv},
    primaryClass={cs.NA},
    note = {arXiv preprint: 1905.01549}
}
