@misc{reduced_density,
      title={Numerical computation of the equilibrium-reduced density matrix for strongly coupled open quantum systems}, 
      author={Tyler Chen and Yu-Chen Cheng},
      year={2022},
      eprint={2204.08147},
      archivePrefix={arXiv},
      primaryClass={quant-ph}
}
