@article{finite_precision_random_variables,
    title = {Non-asymptotic moment bounds for random variables rounded to non-uniformly spaced sets},
    author = {Tyler Chen},
    year = {2021},
    eprint = {2007.11041},
    archivePrefix = {arXiv},
    primaryClass = {math.ST},
    intro = {}
}
