@inproceedings{slq_analysis,
    title={Analysis of stochastic Lanczos quadrature for spectrum approximation},
    author={Tyler Chen and Thomas Trogdon and Shashanka Ubaru},
    year={2021},
    booktitle = {Proceedings of the 37th International Conference on Machine Learning},
    series = {Proceedings of Machine Learning Research}, 
    publisher = {PMLR},
    eprint={2105.06595},
    archivePrefix={arXiv},
    primaryClass={cs.DS},
    intro = {},
}

